@phdthesis{Bradt-thesis,
	author = {J. Bradt},
	title = {Measurement of Isobaric Analogue Resonances of $^{47}$Ar with AT-TPC},
	school = {MSU},
	year = {2017},
}

@article{ATTPC-NIM,
	title = {Commissioning of the Active-Target Time Projection Chamber},
	journal = {NIMA},
	volume = {875},
	pages = {65-79},
	year = {2017},
	author = {J. Bradt et al.},
}

