@phdthesis{Bradt-thesis,
	author = {J. Bradt},
	title = {Measurement of Isobaric Analogue Resonances of $^{47}$Ar with Active-Target Time Projection Chamber},
	school = {Michigan State University},
	year = {2017},
}

@article{ATTPC-NIM,
	author = {
    	J. Bradt and 
   		D. Bazin and
        F. Abu-Nimeh and
       	T. Ahn and 
        Y. Ayyad and 
        S. Becerio Novo and 
        L. Carpenter and 
        M. Cortesi and
        M.P. Kuchera and 
        W.G. Lynch and 
        W. Mittig and 
        S. Rost and 
        N. Watwood and 
        J. Yurkon},
    title = {Commissioning of the Active-Target Time Projection Chamber},
    journal = {Nuclear Instruments and Methods in Physics Research Section A: Accelerators, Spectrometers, Detectors and Associated Equipment \textnormal{(submitted)}},
    year = {2017},
}
